@book{983966,
 author = {Barry Wilkinson and Michael Allen},
 title = {Parallel Programming: Techniques and Applications Using Networked Workstations and Parallel Computers (2nd Edition)},
 year = {2004},
 isbn = {0131405632},
 publisher = {Prentice-Hall, Inc.},
 address = {Upper Saddle River, NJ, USA},
 }

@book{1146372,
 author = {Amy N. Langville and Carl D. Meyer},
 title = {Gooogle's PageRank and Beyond: The Science of Search Engine Rankings},
 year = {2006},
 isbn = {0691122024},
 publisher = {Princeton University Press},
 address = {Princeton, NJ, USA},
 }

@book{539986,
 author = {H. S. Heaps},
 title = {Information Retrieval: Computational and Theoretical Aspects},
 year = {1978},
 isbn = {0123357500},
 publisher = {Academic Press, Inc.},
 address = {Orlando, FL, USA},
}

@book{576628,
 author = {Gerard Salton and Michael J. McGill},
 title = {Introduction to Modern Information Retrieval},
 year = {1986},
 isbn = {0070544840},
 publisher = {McGraw-Hill, Inc.},
 address = {New York, NY, USA},
 }


@book{553876,
 author = {Ricardo A. {Baeza-Yates} and Berthier {Ribeiro-Neto}},
 title = {Modern Information Retrieval},
 year = {1999},
 isbn = {020139829X},
 publisher = {Addison-Wesley Longman Publishing Co., Inc.},
 address = {Boston, MA, USA},
}

@book{zipf49,
  author = {G. K. Zipf},
  title = {Human Behavior and the Principle of Least-Effort},
  publisher = {Addison-Wesley},
  year  = {1949},
  address = {Cambridge, MA}
}

@book{323905,
 author = {Ian H. Witten and Alistair Moffat and Timothy C. Bell},
 title = {Managing gigabytes (2nd ed.): compressing and indexing documents and images},
 year = {1999},
 isbn = {1-55860-570-3},
 publisher = {Morgan Kaufmann Publishers Inc.},
 address = {San Francisco, CA, USA},
 }

@article{776716,
 author = {Luiz Andr\'{e} Barroso and Jeffrey Dean and Urs H\"{o}lzle},
 title = {Web Search for a Planet: The Google Cluster Architecture},
 journal = {IEEE Micro},
 volume = {23},
 number = {2},
 year = {2003},
 issn = {0272-1732},
 pages = {22--28},
 doi = {http://dx.doi.org/10.1109/MM.2003.1196112},
 publisher = {IEEE Computer Society Press},
 address = {Los Alamitos, CA, USA},
 }



@article{615174,
 author = {Anthony Tomasic and Hector {Garcia-Molina}},
 title = {Query processing and inverted indices in shared nothing text document information retrieval systems},
 journal = {The VLDB Journal},
 volume = {2},
 number = {3},
 year = {1993},
 issn = {1066-8888},
 pages = {243--276},
 publisher = {Springer-Verlag New York, Inc.},
 address = {Secaucus, NJ, USA},
 }
 
 @inproceedings{700061,
  author = {Wensi Xi and Ohm Sornil and Ming Luo and Edward A. Fox},
  title = {Hybrid Partition Inverted Files: Experimental Validation},
  booktitle = {ECDL '02: Proceedings of the 6th European Conference on Research and Advanced Technology for Digital Libraries},
  year = {2002},
  isbn = {3-540-44178-6},
  pages = {422--431},
  publisher = {Springer-Verlag},
  address = {London, UK},
  }
 
@article{203159,
 author = {Byeong-Soo Jeong and Edward Omiecinski},
 title = {Inverted File Partitioning Schemes in Multiple Disk Systems},
 journal = {IEEE Trans. Parallel Distrib. Syst.},
 volume = {6},
 number = {2},
 year = {1995},
 issn = {1045-9219},
 pages = {142--153},
 doi = {http://dx.doi.org/10.1109/71.342125},
 publisher = {IEEE Press},
 address = {Piscataway, NJ, USA},
 }

@inproceedings{276695,
 author = {Berthier A. {Ribeiro-Neto} and Ramurti A. Barbosa},
 title = {Query performance for tightly coupled distributed digital libraries},
 booktitle = {DL '98: Proceedings of the third ACM conference on Digital libraries},
 year = {1998},
 isbn = {0-89791-965-3},
 pages = {182--190},
 location = {Pittsburgh, Pennsylvania, United States},
 doi = {http://doi.acm.org/10.1145/276675.276695},
 publisher = {ACM Press},
 address = {New York, NY, USA},
 }

@inproceedings{1148232,
 author = {Alistair Moffat and William Webber and Justin Zobel},
 title = {Load balancing for term-distributed parallel retrieval},
 booktitle = {SIGIR '06: Proceedings of the 29th annual international ACM SIGIR conference on Research and development in information retrieval},
 year = {2006},
 isbn = {1-59593-369-7},
 pages = {348--355},
 location = {Seattle, Washington, USA},
 doi = {http://doi.acm.org/10.1145/1148170.1148232},
 publisher = {ACM Press},
 address = {New York, NY, USA},
 }

@article{1265490,
 author = {Alistair Moffat and William Webber and Justin Zobel and Ricardo {Baeza-Yates}},
 title = {A pipelined architecture for distributed text query evaluation},
 journal = {Inf. Retr.},
 volume = {10},
 number = {3},
 year = {2007},
 issn = {1386-4564},
 pages = {205--231},
 doi = {http://dx.doi.org/10.1007/s10791-006-9014-4},
 publisher = {Kluwer Academic Publishers},
 address = {Hingham, MA, USA},
 }
@inproceedings{unkwn1,
 author = {William Webber and Alistair Moffat},
 title = {In Search of Reliable experiments},
 booktitle = {10th Australasian Document Computing Symposium},
 year = {2005},
 pages = {26--33},
 location = {Sydney, Australia},
 publisher = {University of Syndey},
 }


@inproceedings{830829,
 author = {A. MacFarlane and J. A. McCann and S. E. Robertson},
 title = {Parallel Search using Partitioned Inverted Files},
 booktitle = {SPIRE '00: Proceedings of the Seventh International Symposium on String Processing Information Retrieval (SPIRE'00)},
 year = {2000},
 isbn = {0-7695-0746-8},
 pages = {209},
 publisher = {IEEE Computer Society},
 address = {Washington, DC, USA},
 }

@inproceedings{DBLP:conf/spire/BadueBRZ01,
  author    = {Claudine Santos Badue and
               Ricardo A. {Baeza-Yates} and
               Berthier A. {Ribeiro-Neto} and
               Nivio Ziviani},
  title     = {Distributed Query Processing Using Partitioned Inverted
               Files},
  booktitle = {SPIRE},
  year      = {2001},
  pages     = {10-20},
  bibsource = {DBLP, http://dblp.uni-trier.de}
}


@inproceedings{1076136,
 author = {Claudine Badue and Ramurti Barbosa and Paulo Golgher and Berthier {Ribeiro-Neto} and Nivio Ziviani},
 title = {Basic issues on the processing of web queries},
 booktitle = {SIGIR '05: Proceedings of the 28th annual international ACM SIGIR conference on Research and development in information retrieval},
 year = {2005},
 isbn = {1-59593-034-5},
 pages = {577--578},
 location = {Salvador, Brazil},
 doi = {http://doi.acm.org/10.1145/1076034.1076136},
 publisher = {ACM Press},
 address = {New York, NY, USA},
 }

 @inproceedings{spaceopt,
 author = {Douglas R. Cutting and Jan O. Pedersen},
 title = {Space Optimizations for Total Ranking},
 booktitle = {RAIO Proceedings},
 year = {1997},
 }

@article{362979,
 author = {Amanda Spink and Dietmar Wolfram and {Major B. J.} Jansen and Tefko Saracevic},
 title = {Searching the Web: the public and their queries},
 journal = {J. Am. Soc. Inf. Sci. Technol.},
 volume = {52},
 number = {3},
 year = {2001},
 issn = {1532-2882},
 pages = {226--234},
 doi = {http://dx.doi.org/10.1002/1097-4571(2000)9999:9999<::AID-ASI1591>3.3.CO;2-I},
 publisher = {John Wiley \& Sons, Inc.},
 address = {New York, NY, USA},
 }

@book{573164,
 author = {John L. Hennessy and David A. Patterson},
 title = {Computer Architecture; A Quantitative Approach},
 year = {2003},
 isbn = {1558607242},
 publisher = {Morgan Kaufmann Publishers Inc.},
 address = {San Francisco, CA, USA},
 }

@inproceedings{1277857,
 author = {Gleb Skobeltsyn and Toan Luu and Ivana Podnar Zarko and Martin Rajman and Karl Aberer},
 title = {Web text retrieval with a P2P query-driven index},
 booktitle = {SIGIR '07: Proceedings of the 30th annual international ACM SIGIR conference on Research and development in information retrieval},
 year = {2007},
 isbn = {978-1-59593-597-7},
 pages = {679--686},
 location = {Amsterdam, The Netherlands},
 doi = {http://doi.acm.org/10.1145/1277741.1277857},
 publisher = {ACM},
 address = {New York, NY, USA},
 }

@misc{BESDS,
title={{Seagate Barracuda ES Data Sheet}},
author={Seagate Technology LLC},
howpublished="\url{http://www.seagate.com/docs/pdf/datasheet/disc/ds_barracuda_es.pdf}",
year = 2008
}

@misc{BESDS2,
title={{Seagate Barracuda ES 2 Data Sheet}},
author={Seagate Technology LLC},
howpublished="\url{http://www.seagate.com/docs/pdf/datasheet/disc/ds_barracuda_es_2.pdf}",
year = 2008
}

@misc{CHNS,
title={{Seagate Cheetah NS Data Sheet}},
author={Seagate Technology LLC},
howpublished="\url{http://www.seagate.com/docs/pdf/datasheet/disc/ds_cheetah_ns.pdf}",
year = 2008
}

@misc{SA15K,
title={{Seagate Savio 15K Data Sheet}},
author={Seagate Technology LLC},
howpublished="\url{http://www.seagate.com/docs/pdf/datasheet/disc/ds_savio_15k.pdf}",
year = 2008
}


@misc{aollog,
itle={Mirrors to '500k User Session Collection'},
author={{AOL}},
howpublished="\url{http://www.gregsadetsky.com/aol-data/}"},
year = 2006
}

@misc{tutor,
title={Desmo-J Tutorial},
author={{Univercity of Hamburg}},
howpublished="\url{http://asi-www.informatik.uni-hamburg.de/themen/sim/forschung/Simulation/Desmo-J/tutorial/overview/0.html}"},
year = 2006
}
@misc{desmoj,
title={Desmo-J, A Framework for Discrete-Event Modelling and Simulation},
author={{Univercity of Hamburg}},
howpublished="\url{http://asi-www.informatik.uni-hamburg.de/themen/sim/forschung/Simulation/Desmo-J/index.html}"},
year = 2006
}

@masterthesis{solberg,
  author={Magnus Solberg and Even Aasland},
  title={Distribuert ressurskontroll i en høytilgjengelig database},
  institution={Norwegian University of Science and Technology},
  location = {Trondheim, Norway},
  year={2005}
}


@inproceedings{1146848,
 author = {Greg Pass and Abdur Chowdhury and Cayley Torgeson},
 title = {A picture of search},
 booktitle = {InfoScale '06: Proceedings of the 1st international conference on Scalable information systems},
 year = {2006},
 isbn = {1-59593-428-6},
 pages = {1},
 location = {Hong Kong},
 doi = {http://doi.acm.org/10.1145/1146847.1146848},
 publisher = {ACM},
 address = {New York, NY, USA},
 }
@inproceedings{1100599,
 author = {Jiangong Zhang and Torsten Suel},
 title = {Efficient Query Evaluation on Large Textual Collections in a Peer-to-Peer Environment},
 booktitle = {P2P '05: Proceedings of the Fifth IEEE International Conference on Peer-to-Peer Computing (P2P'05)},
 year = {2005},
 isbn = {0-7695-2376-5},
 pages = {225--233},
 doi = {http://dx.doi.org/10.1109/P2P.2005.7},
 publisher = {IEEE Computer Society},
 address = {Washington, DC, USA},
 }

@article{1224707,
 author = {C. S. Badue and R. {Baeza-Yates} and B. {Ribeiro-Neto} and A. Ziviani and N. Ziviani},
 title = {Analyzing imbalance among homogeneous index servers in a web search system},
 journal = {Inf. Process. Manage.},
 volume = {43},
 number = {3},
 year = {2007},
 issn = {0306-4573},
 pages = {592--608},
 doi = {http://dx.doi.org/10.1016/j.ipm.2006.09.002},
 publisher = {Pergamon Press, Inc.},
 address = {Tarrytown, NY, USA},
 }

@article{1132959,
 author = {Justin Zobel and Alistair Moffat},
 title = {Inverted files for text search engines},
 journal = {ACM Comput. Surv.},
 volume = {38},
 number = {2},
 year = {2006},
 issn = {0360-0300},
 pages = {6},
 doi = {http://doi.acm.org/10.1145/1132956.1132959},
 publisher = {ACM},
 address = {New York, NY, USA},
 }

@phdthesis{936778,
 author = {Ohm Sornil},
 note = {Chair-Edward A. Fox},
 title = {Parallel inverted index for large-scale, dynamic digital libraries},
 year = {2001},
 isbn = {0-493-96132-1},
 order_no = {AAI3075926},
 publisher = {Virginia Polytechnic Institute and State University},
 }

@phdthesis{risvik,
 author = {Knut Magne Risvik},
 note = {Chair-Edward A. Fox},
 title = {Scaling Internet Search Engines - Methods and Analysis},
 year = {2004},
 uri = {urn:nbn:no:ntnu:diva-1683},
 publisher = {Norwegian University of Science and Technology, Faculty of Information Technology, Mathematics and Electrical Engineering, Department of Computer and Information Science},
}

@masterthesis{truls,
  author={Truls A. Bj{\o}rklund},
  title={Experimentation with inverted indexes for dynamic document collections},
  institution={Norwegian University of Science and Technology},
  year={2007}
}

@misc{project,
	author={Simon Jonassen},
	howpublished={Report in TDT4590 Complex Computer Systems, Specialization Project},
	title={Global vs. {L}ocal Inverted Indexes},
	year={2007},
	month={December}
}

@inproceedings{383957,
 author = {Vo Ngoc Anh and Owen de Kretser and Alistair Moffat},
 title = {Vector-space ranking with effective early termination},
 booktitle = {SIGIR '01: Proceedings of the 24th annual international ACM SIGIR conference on Research and development in information retrieval},
 year = {2001},
 isbn = {1-58113-331-6},
 pages = {35--42},
 location = {New Orleans, Louisiana, United States},
 doi = {http://doi.acm.org/10.1145/383952.383957},
 publisher = {ACM},
 address = {New York, NY, USA},
 }

